@article{Hancock,
  doi = {10.1088/0954-898X/3/1/008},
  year = {1991},
  month = sep,
  author = {Hancock P.J.B., Baddeley R.J. and Smith L.S.},
  title = {The Principal Components of Natural Images},
  journal = {Network Computation in Neural Systems},
}

@article{Sanger,
  doi = {10.1016/0893-6080(89)90044-0},
  author = {Sanger T.},
  url = {http://www.cnbc.cmu.edu/~tai/nc19journalclubs/Sanger1989.pdf},
  year = {1989},
  month = apr,
  title = {Optimal unsupervised learning in a single-layer linear feedforward neural network},
  journal = {Neural Networks},
}

@article{Hubel1962-fp,
  title    = "Receptive fields, binocular interaction and functional
              architecture in the cat's visual cortex",
  author   = "Hubel, D H and Wiesel, T N",
  journal  = "J. Physiol.",
  volume   =  160,
  pages    = "106--154",
  month    =  jan,
  year     =  1962,
  keywords = "CEREBRAL CORTEX/physiology",
  issn     = "0022-3751",
  pmid     = "14449617",
  pmc      = "PMC1359523"
}
